@article{nakahara1998near,
  title={Near-saddle-node bifurcation behavior as dynamics in working memory for goal-directed behavior},
  author={Nakahara, Hiroyuki and Doya, Kenji},
  journal={Neural Computation},
  volume={10},
  number={1},
  pages={113--132},
  year={1998},
  publisher={MIT Press}
}

@ARTICLE{Izhikevich:2006,
AUTHOR = {Izhikevich, E. M. and FitzHugh, R. },
TITLE   = {{F}itz{H}ugh-{N}agumo model},
YEAR    = {2006},
JOURNAL = {Scholarpedia},
VOLUME  = {1},
NUMBER  = {9},
PAGES   = {1349},
DOI     = {10.4249/scholarpedia.1349},
NOTE    = {revision \#9400}
}

@article{hindmarsh1984model,
  title={A model of neuronal bursting using three coupled first order differential equations},
  author={Hindmarsh, James L and Rose, RM},
  journal={Proceedings of the royal society of London B: biological sciences},
  volume={221},
  number={1222},
  pages={87--102},
  year={1984},
  publisher={The Royal Society}
}

@article{maass1997networks,
  title={Networks of spiking neurons: the third generation of neural network models},
  author={Maass, Wolfgang},
  journal={Neural networks},
  volume={10},
  number={9},
  pages={1659--1671},
  year={1997},
  publisher={Elsevier}
}

@article{izhikevich2003simple,
  title={Simple model of spiking neurons},
  author={Izhikevich, Eugene M},
  journal={IEEE Transactions on neural networks},
  volume={14},
  number={6},
  pages={1569--1572},
  year={2003},
  publisher={IEEE}
}

@misc{moehlis2008dynamical,
  title={Dynamical Systems in Neuroscience: The geometry of excitability and bursting},
  author={Moehlis, Jeff},
  year={2008},
  publisher={JSTOR}
}

@book{braitenberg1986vehicles,
  title={Vehicles: Experiments in synthetic psychology},
  author={Braitenberg, Valentino},
  year={1986},
  publisher={MIT press}
}

@inproceedings{french2005introducing,
  title={Introducing neuromodulation to a Braitenberg vehicle},
  author={French, Richard LB and Canamero, Lola},
  booktitle={Robotics and Automation, 2005. ICRA 2005. Proceedings of the 2005 IEEE International Conference on},
  pages={4188--4193},
  year={2005},
  organization={IEEE}
}